% Encoding: UTF-8

@Article{Neal2013v2,
  author       = {Neal, S.},
  title        = {Transition culture: Politics, localities and ruralities},
  journal      = {Journal of Rural Studies},
  journaltitle = {Journal of Rural Studies},
  year         = {2013},
  volume       = {32},
  pages        = {60--69},
  doi          = {10.1016/j.jrurstud.2013.04.001},
  url          = {https://doi.org/10.1016/j.jrurstud.2013.04.001}
}

@Article{BragaCalgaro2010v2,
  author       = {Braga, Marcos Brandao and Calgaro, Marcelo},
  title        = {Sistemas de Irrigação Contemporânea. Sistema de Produção de Melancia},
  journal      = {Sistema de Produção de Melancia},
  year         = {2010},
  note         = {Disponível em: \url{https://sistemasdeproducao.cnptia.embrapa.br/FontesHTML/Melancia/SistemaProducaoMelancia/irrigacao.htm}. Acesso em: 18 ago. 2023.}
}

@Article{Alff2023v2,
  author       = {Alff, Chico},
  title        = {O que são Requisitos Funcionais e Não Funcionais?},
  year         = {2023},
  note         = {Disponível em: \url{https://analisederequisitos.com.br/requisitos-funcionais-e-nao-funcionais/}. Acesso em agosto 2023.}
}

@Book{Andrade2003v2,
  author    = {Andrade, Maria Margarida de},
  title     = {Introdução à metodologia do trabalho científico: elaboração de trabalhos na graduação},
  edition   = {6},
  year      = {2003},
  publisher = {Atlas},
  address   = {São Paulo}
}

@InCollection{ArrudaEtAl2001v2,
  author    = {Arruda, F.B. and Folegatti, M.V. and Pires, R.C.M. and Sakai, N.},
  title     = {Necessidades hídricas das culturas e manejo de irrigação},
  booktitle = {Irrigação},
  editor    = {Miranda, J.H. and Pires, R.C.M.},
  year      = {2001},
  publisher = {Sociedade Brasileira de Engenharia Agrícola},
  address   = {Piracicaba},
  volume    = {1},
  pages     = {121--104}
}

@Book{ABNT2002v2,
  author    = {{Associação Brasileira de Normas Técnicas - ABNT}},
  title     = {Referências bibliográficas: NBR 6023},
  year      = {2002},
  month     = {ago},
  address   = {Rio de Janeiro}
}

@Article{AvilaSpinola2007v2,
  author    = {Ávila, Ana Luiza and Spínola, Rodrigo Oliveira},
  title     = {Introdução à engenharia de requisitos},
  journal   = {Engenharia de Software Magazine},
  year      = {2007},
  pages     = {46--52}
}

@Article{AvilaEtAl2010v2,
  author    = {Ávila, L. F. and Mello, C. R. and Silva, A. M.},
  title     = {Continuidade e distribuição espacial da umidade do solo em bacia hidrográfica da Serra da Mantiqueira},
  journal   = {Revista Brasileira de Engenharia Agrícola e Ambiental},
  year      = {2010},
  volume    = {14},
  number    = {12},
  pages     = {1257--1266}
}

@Book{Bezerra2015v2,
  author    = {Bezerra, Eduarda},
  title     = {Princípios de Análise e Projeto de Sistemas com UML},
  edition   = {3},
  year      = {2015},
  publisher = {Elsevier Editora Ltda},
  address   = {Rio de Janeiro},
  pages     = {336}
}

@Book{BourqueFairley2014v2,
  author    = {Bourque, Pierre and Fairley, Richard E. Dick},
  title     = {Guide to the Software Engineering Body of Knowledge (SWEBOK)},
  edition   = {Version 3.0},
  year      = {2014},
  publisher = {IEEE Computer Society Press},
  address   = {Washington DC}
}

@Book{Caldeira2015v2,
  author    = {Caldeira, Carlos Pampulim},
  title     = {PostgreSQL – Guia Fundamental},
  year      = {2015},
  publisher = {Edições Sílabo},
  address   = {Lisboa},
  pages     = {260}
}

@InProceedings{CarvalhoEtAl2009v2,
  author    = {Carvalho, Elaine A. and Escovedo, Tatiana and Melo, Rubens N.},
  title     = {Using business processes in system requirements definition},
  booktitle = {2009 33rd Annual IEEE Software Engineering Workshop},
  year      = {2009},
  organization = {IEEE},
  pages     = {125--130}
}

@Book{Cuenca1989v2,
  author    = {Cuenca, H. R.},
  title     = {Irrigation System Design: An Engineering Approach},
  year      = {1989},
  publisher = {Prentice Hall},
  address   = {New Jersey},
  pages     = {552}
}

@Book{DaSilva2010v2,
  author    = {Da Silva, Gisele Cristina Resende Fernandes},
  title     = {O Método Científico na Psicologia: Abordagem Qualitativa e Quantitativa},
  year      = {2010}
}

@InProceedings{Dias1998v2,
  author       = {Dias, G.P.},
  title        = {Automação e Instrumentação para Agricultura de Precisão},
  booktitle    = {XXVII Congresso Brasileiro de Engenharia Agrícola},
  year         = {1998},
  address      = {Poços de Caldas},
  organization = {Mecanização e Agricultura de Precisão},
  publisher    = {UFLA/SBEA},
  pages        = {231}
}

@Misc{Embrapa2008v2,
  author       = {{Embrapa}},
  title        = {Agência Embrapa de Informação Tecnológica - Irrigação},
  howpublished = {Embrapa.br},
  year         = {2008}
}

@Article{FleuryWerlang2016v2,
  author    = {Fleury, Maria Tereza Leme and Da Costa Werlang, Sergio Ribeiro},
  title     = {Pesquisa aplicada: conceitos e abordagens},
  journal   = {Anuário de Pesquisa GVPesquisa},
  year      = {2016}
}

@Online{OpenMeteoAPI,
  title       = {Free Open-Source Weather API},
  url         = {https://open-meteo.com/},
  urldate     = {2023-10},
}

@book{HenzAlcantara2009v2,
  author    = {Henz, Gilmar Paulo and Alcântara, Flávia Aparecida De},
  title     = {O Produtor Pergunta, a Embrapa Responde},
  edition   = {1},
  year      = {2009},
  publisher = {Embrapa Informação Tecnológica},
  address   = {Brasília}
}

@InBook{InamasuBernardi2014v2,
  author    = {Inamasu, Ricardo Y. and Bernardi, AC de C.},
  title     = {Agricultura de Precisão},
  booktitle = {Embrapa Instrumentação},
  year      = {2014},
  note      = {Capítulo em livro científico (ALICE)},
  url       = {https://www.scielo.br/j/cr/a/54b6LCQHHrJsnwqdCTGKHtB/?format=pdf&lang=pt},
  urldate   = {2023-08}
}

@Online{AgroPosIrrigacao,
  title       = {Irrigação por Aspersão: Saiba Tudo Sobre esse Assunto!},
  author      = {{AgroPós}},
  url         = {https://agropos.com.br/irrigacao-por-aspersao/},
  urldate     = {2023-08-23}
}

@Online{AgroPosIrrigacaoGotejamento,
  title       = {Irrigação por Gotejamento: Aumente sua Produtividade!},
  author      = {{AgroPós}},
  url         = {https://agropos.com.br/irrigacao-por-gotejamento/},
  urldate     = {2023-08-23}
}

@Book{ISO24765-2010,
  title     = {{ISO/IEC/IEEE 24765:2010}},
  year      = {2010},
  publisher = {The Institute of Electrical and Electronics Engineers},
  address   = {Piscataway, NJ}
}

@Article{Noborio2001,
  author       = {Noborio, K.},
  title        = {Measurement of soil water content and electrical conductivity by time domain reflectometry: a review},
  journal      = {Computers and Electronics in Agriculture},
  year         = {2001},
  volume       = {31},
  pages        = {213--237}
}

@Book{KotonyaSommerville1998,
  author    = {Kotonya, Gerald and Sommerville, Ian},
  title     = {Requirements Engineering: Processes and Techniques},
  year      = {1998},
  publisher = {John Wiley},
  address   = {Chichester, England}
}

@Book{Kurniawan2019,
  author    = {Kurniawan, Agus},
  title     = {Internet of Things Projects with ESP32: Build exciting and powerful IoT projects using the all-new Espressif ESP32},
  year      = {2019},
  publisher = {Packt Publishing Ltd},
  address   = {S. L.},
  pages     = {252},
  url       = {https://bit.ly/3clSqM8},
  urldate   = {2021-05-04}
}

@Book{Kurniawan2015,
  author    = {Kurniawan, Agus},
  title     = {NodeMCU: Development Workshop},
  year      = {2015},
  publisher = {Pe Press},
  address   = {Depok}
}

@Book{LakatosMarconi2007,
  author    = {Lakatos, Eva Maria and Marconi, Marina de Andrade},
  title     = {Fundamentos de Metodologia Científica},
  edition   = {6},
  year      = {2007},
  publisher = {Atlas},
  address   = {São Paulo}
}

@Book{MarconiEtAl2004,
  author    = {Marconi, Marina de Andrade and others},
  title     = {Metodologia Científica (Vol. 4)},
  year      = {2004},
  publisher = {Atlas},
  address   = {São Paulo}
}

@Book{MoraesCastrucci2001,
  author    = {Moraes, C. C. and Castrucci, P. L.},
  title     = {Engenharia de Automação Industrial},
  year      = {2001},
  publisher = {LTC},
  address   = {São Paulo},
  pages     = {295}
}

@MastersThesis{Marques2000,
  author      = {Marques, P. A.},
  title       = {Desenvolvimento de um software para dimensionamento de irrigação por sulcos},
  year        = {2000},
  pages       = {84},
  school      = {Escola Superior de Agricultura "Luiz de Queiroz", Universidade de São Paulo},
  address     = {Piracicaba},
  type        = {Dissertação de Mestrado},
  note        = {Mestrado em Agronomia, área de concentração em Irrigação e Drenagem, Departamento de Engenharia Rural},
}

@Book{ParanhosRodolpho2014,
  author    = {Paranhos, Lidia Raquel Louback and Rodolpho, Paulo Jose},
  title     = {Metodologia da Pesquisa Aplicada à Tecnologia},
  year      = {2014},
  publisher = {Senai-sp},
  address   = {São Paulo}
}

@Book{Gil2008,
  author    = {Gil, Antonio Carlos},
  title     = {Métodos e Técnicas de Pesquisa Social},
  edition   = {6},
  year      = {2008},
  publisher = {Editora Atlas SA}
}

@Online{Pena2018,
  author       = {Pena, Rodolfo Alves},
  title        = {Evolução da Agricultura e suas Técnicas},
  year         = {2018},
  url          = {https://agron.com.br/pt_br/publicacoes/mundo-agron/cultura-e-variedades/2018/09/17/057692/evolucao-da-agricultura-e-suas-tecnicas},
  urldate      = {2023-08}
}

@Book{Penteado2019,
  author    = {Penteado, Silvio Roberto},
  title     = {Kit Manual de Irrigação e 101 Culturas: 101 Culturas - Manual de Tecnologias Agrícolas},
  year      = {2019},
  publisher = {Editora UFV},
  address   = {Minas Gerais}
}

@Book{PressmanMaxim2016,
  author    = {Pressman, Roger S. and Maxim, Bruce R.},
  title     = {Engenharia de Software: Uma Abordagem Profissional},
  edition   = {8},
  year      = {2016},
  publisher = {McGraw-Hill},
  address   = {São Paulo}
}

@book{akabane2018gestao,
  title = {Gestão Estratégica das Tecnologias Cognitivas: conceitos, metodologias e aplicações},
  author = {Akabane, Getúlio K.},
  year = {2018},
  publisher = {Érica},
  address = {São Paulo},
  pages = {240}
}

@book{alcatorre2014introducao,
  title = {Introdução à Mecatrônica e aos sistemas de medições},
  author = {Alcatorre, David G. and Histand, Michael B.},
  edition = {4},
  year = {2014},
  publisher = {Bookman},
  address = {New York}
}

@book{young2016fisica,
  title = {Física IV: Ótica e física moderna},
  author = {Young, Hugh D. and Freedman, Roger A.},
  edition = {14},
  year = {2016},
  publisher = {Pearson Education do Brasil},
  address = {São Paulo}
}

@mastersthesis{coelho2003desenvolvimento,
  title = {Desenvolvimento de um tensiômetro eletrônico para o monitoramento do potencial da água no solo},
  author = {Coelho, S. L.},
  year = {2003},
  type = {Dissertação de Mestrado},
  note = {106 f.},
  school = {Departamento de Engenharia Agrícola, Universidade Federal do Ceará},
  address = {Fortaleza},
  year = {2003}
}

@book{thiollent1985metodologia,
  title = {Metodologia de Pesquisa-ação},
  author = {Thiollent, Michel},
  year = {1985},
  publisher = {Saraiva},
  address = {São Paulo}
}

@misc{padua2010,
  author = {Pádua, José Augusto},
  title = {Um sopro de destruição: pensamento político e crítica ambiental no Brasil},
  note = {Doutor em Ciência Política pelo IUPERJ, com pós-doutorado em História pela University of Oxford (Inglaterra)},
  howpublished = {\url{jpadua@terra.com.br}},
  year = {2010},
  note = {Recebido em 18.2.2010 e aceito em 24.2.2010}
}

@book{coelho2009agricultura,
  title = {Agricultura de precisão},
  author = {Coelho, J. P. C. and Silva, L. M. D. and Pinheiro, A. C. and Tristany, M. and Neto, M. D. C.},
  year = {2009},
  pages = {2--33},
  publisher = {Associação dos Jovens Agricultores de Portugal}
}

@article{riff1976difusao,
  title = {A difusão da inovação tecnológica na agricultura: mecanismo de autocontrole versus modernização induzida},
  author = {Riff, T.},
  journal = {Revista Brasileira de Economia},
  volume = {30},
  month = {September},
  year = {1976}
}

@Book{ProdanovFreitas2013,
  author    = {Prodanov, Cleber Cristiano and Freitas, Ernani Cesar De},
  title     = {Metodologia do Trabalho Científico: Métodos e Técnicas da Pesquisa e do Trabalho Acadêmico},
  year      = {2013},
  publisher = {Feevale},
  address   = {Novo Hamburgo}
}

@book{bernardo2006manual,
  title     = {Manual de irrigação},
  author    = {Salassier Bernardo and Antonio Alves Soares and Everardo Chartuni Mantovani},
  edition   = {8},
  address   = {Viçosa},
  publisher = {UFV},
  year      = {2006},
  note      = {Atualizada e ampliada},
  pages     = {625}
}


@Book{Ribeiro,
  author    = {Ribeiro, M. A.},
  title     = {Automação Industrial},
  edition   = {4},
  year      = {[s.d.]},
  publisher = {[s.n.]},
  pages     = {12}
}

@Article{Riff1976,
  author    = {Riff, T.},
  title     = {A difusão da inovação tecnológica na agricultura: mecanismo de autocontrole versus modernização induzida},
  journal   = {Revista Brasileira de Economia},
  volume    = {30},
  month     = {setembro},
  year      = {1976}
}

@Online{Romanini,
  author       = {Romanini, W.},
  title        = {Um equilíbrio entre preservação ambiental, rentabilidade e produção},
  year         = {2023},
  url          = {https://agron.com.br/pt_br/noticias/colunistas/2023/06/02/artigo-agricultura-e-futuro/},
  urldate      = {2023-08}
}

@MastersThesis{Roque2008,
  author      = {Roque, Wellington},
  title       = {Desenvolvimento de um Multi-sensor Eletrônico para Medida da Umidade, Temperatura e Condutividade Elétrica do Solo},
  year        = {2008},
  pages       = {56},
  type        = {Tese de Mestrado},
  school      = {Faculdade de Engenharia Elétrica, Universidade Estadual de Campinas},
  address     = {Campinas, SP},
}

@InCollection{SilvaEtAl2004,
  author       = {Silva, A. de S. and Buschinelli, C. C. de A. and Hermes, L. C. and Carvalho, J. R. P. and Shanahan, J. and Schepers, J. S. and Junior, A. L.},
  title        = {Agricultura de Precisão e Meio Ambiente},
  booktitle    = {Agricultura de Precisão para o Manejo da Fertilidade do Solo em Sistema de Plantio Direto},
  pages        = {19--36},
  year         = {2004},
}

@Book{Sommerville2019,
  author    = {Sommerville, Ian},
  title     = {Engenharia de Software},
  edition   = {10},
  year      = {2019},
  publisher = {Pearson Universidades},
  address   = {São Paulo}
}

@MastersThesis{Stankiewicz2017,
  author      = {Stankiewicz, Alessandro},
  title       = {Modelo de Interação Ágil: Uma Adaptação do Modelo Cascata à Organização de Pequenas e Médias Empresas},
  year        = {2017},
  type        = {Trabalho de Conclusão de Curso},
  school      = {Universidade Tecnológica Federal do Paraná},
}

@Book{StevanJunior2018,
  author    = {Stevan Junior, Sergio Luiz},
  title     = {Internet das Coisas: Fundamentos e Aplicações em Arduino e NodeMCU},
  year      = {2018},
  publisher = {Érica},
  address   = {São Paulo}
}

@Online{Stone2023,
  author       = {Stone, Luís Fernando},
  title        = {Irrigação por Aspersão},
  year         = {2023},
  url          = {https://www.embrapa.br/agencia-de-informacao-tecnologica/cultivos/feijao/pre-producao/metodos-de-irrigacao/irrigacao-por-aspersao},
  urldate      = {2023-08-18}
}

@Book{TestezlafEtAl,
  author    = {Testezlaf, R. and others},
  title     = {Irrigação: Métodos, Sistemas e Aplicações},
  edition   = {1},
  year      = {[s.d.]},
  publisher = {Faculdade de Engenharia Agrícola/Unicamp},
  address   = {Campinas, SP},
  pages     = {4, 11--13},
}

@Book{Walker1989,
  author    = {Walker, W. R.},
  title     = {Guidelines for Designing and Evaluating Surface Irrigation Systems},
  year      = {1989},
  publisher = {FAO},
  address   = {Rome},
  pages     = {138},
  series    = {FAO. Irrigation and Drainage. Paper},
  number    = {45}
}

@Book{WalkerSkogerboe1987,
  author    = {Walker, W. R. and Skogerboe, G. V.},
  title     = {Surface Irrigation: Theory and Practice},
  year      = {1987},
  publisher = {Prentice-Hall},
  address   = {New Jersey},
  pages     = {386}
}
@Book{Sommerville2011,
  author    = {Sommerville, Ian},
  title     = {Engenharia de Software},
  edition   = {9},
  year      = {2011},
  publisher = {Pearson Prentice Hall},
  address   = {São Paulo},
  pages     = {529},
  note      = {Tradução de: Kalinka Oliveira, Ivan Bosnic}
}

@misc{EMBRAPA2021,
	author = {EMBRAPA},
	title = {{A}gricultura familiar},
	howpublished = {\url{https://ainfo.cnptia.embrapa.br/digital/bitstream/item/80684/1/Agricultura-familiar.pdf}},
	year = {2021}
}
@Comment{jabref-meta: databaseType:biblatex;}
